%used:
@online{CMC200,
  author = {{Solactive AG}},
  title = {{Index Guideline: Solactive Index}},
  year = 2019,
  url = {https://www.solactive.com/wp-content/uploads/2019/04/Solactive-Index-Guideline-CMC200.pdf},
  urldate = {2022-12-10}
}

@online{coingecko,
  author = {{CoinGecko}},
  title = {{Cryptocurrency Prices by Market Cap}},
  year = 2022,
  url = {{https://www.coingecko.com/}},
  urldate = {2022-12-10}
}

@book{cov,
  title={{Statistics and Analysis of Scientific Data}},
  author={Bonamente, Massimiliano},
  year={2013},
  address={New York},
  publisher={{Springer Science+Business Media}},
  doi={10.1007/978-1-4614-7984-0} 
}

@article{corr,
  author = {Schober, Patrick and Boer, Christa and Schwarte, Lothar A.},
  year = {2018},
  title = {{Correlation Coefficients: Appropriate Use and
Interpretation}},
  volume = {126},
  pages = {1763–1768},
  doi = {10.1213/ANE.0000000000002864},
  language = {en},
  journal = {Anesthesia & Analgesia},
  number = {5}
}

%examples:
@article{eckhoff2018a,
  author = {Eckhoff, Hanne M. and Bech, Kristin and Bouma, Gerlof and Eide, Kristine and Haug, Dag and Haugen, Odd E. and Jøhndal, Marius},
  year = {2018},
  title = {The {PROIEL} treebank family: {A} standard for early attestations of {I}ndo-{E}uropean languages},
  volume = {52},
  pages = {29–65},
  doi = {10.1007/s10579-017-9388-5},
  language = {en},
  journal = {Language Resources and Evaluation},
  number = {1}
}

@book{jenset&mcgil,
  title={Quantitative historical linguistics: A corpus framework},
  author={Jenset, Gard B. and McGillivray, Barbara},
  year={2017},
  address={Oxford},
  publisher={Oxford University Press},
  doi={10.1093/llc/fqy046} 
}

@incollection{fabricius-hansen2012b,
  author = {Fabricius-Hansen, Cathrine and Haug, Dag T. T.},
  year = {2012},
  title = {Co-eventive adjuncts: Main issues and clarifications},
  editor = {Fabricius-Hansen, Cathrine and Haug, Dag T. T.},
  pages = {21--54},
  publisher = {De Gruyter},
  language = {en},
  booktitle = {Big events, small clauses},
  address = {Berlin-Boston}
}

@inproceedings{shree-a,
    title = "Deep Natural Language Understanding of News Text",
    author = "Shree, Jaya  and
    Liu, Emily  and
    Gordon, Andrew  and
    Hobbs, Jerry",
    booktitle = "Proceedings of the First Workshop on Narrative Understanding",
    year = "2019",
    address = "Minneapolis, Minnesota",
    publisher = "Association for Computational Linguistics",
    doi = "10.18653/v1/W19-2403",
    pages = "19--27",
}

@inproceedings{wyner2007baseballs,
author = {Wyner, Adam and Bench-Capon, Trevor and Atkinson, Katie},
title = {Arguments, Values and Baseballs: Representation of Popov v. Hayashi},
year = {2007},
publisher = {IOS Press},
address = {NLD},
booktitle = {Proceedings of the 2007 Conference on Legal Knowledge and Information Systems: JURIX 2007: The Twentieth Annual Conference},
pages = {151–160},
numpages = {10},
keywords = {Case-Based Reasoning, Argument Schemes, Values, Argumentation},
}
